@article{zhu2009mass,
  title={Mass spectrometry-based label-free quantitative proteomics},
  author={Zhu, Wenhong and Smith, Jeffrey W and Huang, Chun-Ming},
  journal={BioMed Research International},
  volume={2010},
  year={2009},
  publisher={Hindawi Publishing Corporation}
}

@article{voyksner1999investigating,
  title={Investigating the use of an octupole ion guide for ion storage and high-pass mass filtering to improve the quantitative performance of electrospray ion trap mass spectrometry},
  author={Voyksner, Robert D and Lee, Heewon},
  journal={Rapid Communications in Mass Spectrometry},
  volume={13},
  number={14},
  pages={1427--1437},
  year={1999},
  publisher={Wiley Online Library}
}

@article{rutherford2000artemis,
  title={Artemis: sequence visualization and annotation},
  author={Rutherford, Kim and Parkhill, Julian and Crook, James and Horsnell, Terry and Rice, Peter and Rajandream, Marie-Ad{\`e}le and Barrell, Bart},
  journal={Bioinformatics},
  volume={16},
  number={10},
  pages={944--945},
  year={2000},
  publisher={Oxford Univ Press}
}

@article{chambers2012cross,
  title={A cross-platform toolkit for mass spectrometry and proteomics},
  author={Chambers, Matthew C and Maclean, Brendan and Burke, Robert and Amodei, Dario and Ruderman, Daniel L and Neumann, Steffen and Gatto, Laurent and Fischer, Bernd and Pratt, Brian and Egertson, Jarrett and others},
  journal={Nature biotechnology},
  volume={30},
  number={10},
  pages={918--920},
  year={2012},
  publisher={Nature Publishing Group}
}

@article{cottrell1999probability,
  title={Probability-based protein identification by searching sequence databases using mass spectrometry data},
  author={Cottrell, John S and London, U},
  journal={electrophoresis},
  volume={20},
  number={18},
  pages={3551--3567},
  year={1999}
}

@article{bantscheff2012quantitative,
  title={Quantitative mass spectrometry in proteomics: critical review update from 2007 to the present},
  author={Bantscheff, Marcus and Lemeer, Simone and Savitski, Mikhail M and Kuster, Bernhard},
  journal={Analytical and bioanalytical chemistry},
  volume={404},
  number={4},
  pages={939--965},
  year={2012},
  publisher={Springer}
}

@article{nesvizhskii2010survey,
  title={A survey of computational methods and error rate estimation procedures for peptide and protein identification in shotgun proteomics},
  author={Nesvizhskii, Alexey I},
  journal={Journal of proteomics},
  volume={73},
  number={11},
  pages={2092--2123},
  year={2010},
  publisher={Elsevier}
}

@article{nesvizhskii2005interpretation,
  title={Interpretation of shotgun proteomic data the protein inference problem},
  author={Nesvizhskii, Alexey I and Aebersold, Ruedi},
  journal={Molecular \& Cellular Proteomics},
  volume={4},
  number={10},
  pages={1419--1440},
  year={2005},
  publisher={ASBMB}
}

@article{dasari2010tagrecon,
  title={TagRecon: high-throughput mutation identification through sequence tagging},
  author={Dasari, Surendra and Chambers, Matthew C and Slebos, Robbert J and Zimmerman, Lisa J and Ham, Amy-Joan L and Tabb, David L},
  journal={Journal of proteome research},
  volume={9},
  number={4},
  pages={1716},
  year={2010},
  publisher={NIH Public Access}
}

@article{jaffe2004proteogenomic,
  title={Proteogenomic mapping as a complementary method to perform genome annotation},
  author={Jaffe, Jacob D and Berg, Howard C and Church, George M},
  journal={Proteomics},
  volume={4},
  number={1},
  pages={59--77},
  year={2004},
  publisher={Wiley Online Library}
}

@article{nesvizhskii2014proteogenomics,
  title={Proteogenomics: concepts, applications and computational strategies},
  author={Nesvizhskii, Alexey I},
  journal={Nature methods},
  volume={11},
  number={11},
  pages={1114--1125},
  year={2014},
  publisher={Nature Research}
}

@article{harrow2012gencode,
  title={GENCODE: the reference human genome annotation for The ENCODE Project},
  author={Harrow, Jennifer and Frankish, Adam and Gonzalez, Jose M and Tapanari, Electra and Diekhans, Mark and Kokocinski, Felix and Aken, Bronwen L and Barrell, Daniel and Zadissa, Amonida and Searle, Stephen and others},
  journal={Genome research},
  volume={22},
  number={9},
  pages={1760--1774},
  year={2012},
  publisher={Cold Spring Harbor Lab}
}

@article{baerenfaller2008genome,
  title={Genome-scale proteomics reveals Arabidopsis thaliana gene models and proteome dynamics},
  author={Baerenfaller, Katja and Grossmann, Jonas and Grobei, Monica A and Hull, Roger and Hirsch-Hoffmann, Matthias and Yalovsky, Shaul and Zimmermann, Philip and Grossniklaus, Ueli and Gruissem, Wilhelm and Baginsky, Sacha},
  journal={Science},
  volume={320},
  number={5878},
  pages={938--941},
  year={2008},
  publisher={American Association for the Advancement of Science}
}

@article{khatun2013whole,
  title={Whole human genome proteogenomic mapping for ENCODE cell line data: identifying protein-coding regions},
  author={Khatun, Jainab and Yu, Yanbao and Wrobel, John A and Risk, Brian A and Gunawardena, Harsha P and Secrest, Ashley and Spitzer, Wendy J and Xie, Ling and Wang, Li and Chen, Xian and others},
  journal={BMC genomics},
  volume={14},
  number={1},
  pages={141},
  year={2013},
  publisher={BioMed Central}
}

@article{blakeley2012addressing,
  title={Addressing statistical biases in nucleotide-derived protein databases for proteogenomic search strategies},
  author={Blakeley, Paul and Overton, Ian M and Hubbard, Simon J},
  journal={Journal of proteome research},
  volume={11},
  number={11},
  pages={5221--5234},
  year={2012},
  publisher={ACS Publications}
}

@article{khatun2013whole,
  title={Whole human genome proteogenomic mapping for ENCODE cell line data: identifying protein-coding regions},
  author={Khatun, Jainab and Yu, Yanbao and Wrobel, John A and Risk, Brian A and Gunawardena, Harsha P and Secrest, Ashley and Spitzer, Wendy J and Xie, Ling and Wang, Li and Chen, Xian and others},
  journal={BMC genomics},
  volume={14},
  number={1},
  pages={141},
  year={2013},
  publisher={BioMed Central}
}

@article{derrien2012gencode,
  title={The GENCODE v7 catalog of human long noncoding RNAs: analysis of their gene structure, evolution, and expression},
  author={Derrien, Thomas and Johnson, Rory and Bussotti, Giovanni and Tanzer, Andrea and Djebali, Sarah and Tilgner, Hagen and Guernec, Gregory and Martin, David and Merkel, Angelika and Knowles, David G and others},
  journal={Genome research},
  volume={22},
  number={9},
  pages={1775--1789},
  year={2012},
  publisher={Cold Spring Harbor Lab}
}

@article{li2011bioinformatics,
  title={A bioinformatics workflow for variant peptide detection in shotgun proteomics},
  author={Li, Jing and Su, Zengliu and Ma, Ze-Qiang and Slebos, Robbert JC and Halvey, Patrick and Tabb, David L and Liebler, Daniel C and Pao, William and Zhang, Bing},
  journal={Molecular \& Cellular Proteomics},
  volume={10},
  number={5},
  pages={M110--006536},
  year={2011},
  publisher={ASBMB}
}

@article{fenyo2003method,
  title={A method for assessing the statistical significance of mass spectrometry-based protein identifications using general scoring schemes},
  author={Feny{\"o}, David and Beavis, Ronald C},
  journal={Analytical chemistry},
  volume={75},
  number={4},
  pages={768--774},
  year={2003},
  publisher={American Chemical Society}
}

@article{krug2013deep,
  title={Deep coverage of the Escherichia coli proteome enables the assessment of false discovery rates in simple proteogenomic experiments},
  author={Krug, Karsten and Carpy, Alejandro and Behrends, Gesa and Matic, Katarina and Soares, Nelson C and Macek, Boris},
  journal={Molecular \& Cellular Proteomics},
  volume={12},
  number={11},
  pages={3420--3430},
  year={2013},
  publisher={ASBMB}
}

@article{shteynberg2013combining,
  title={Combining results of multiple search engines in proteomics},
  author={Shteynberg, David and Nesvizhskii, Alexey I and Moritz, Robert L and Deutsch, Eric W},
  journal={Molecular \& Cellular Proteomics},
  volume={12},
  number={9},
  pages={2383--2393},
  year={2013},
  publisher={ASBMB}
}

@article{branca2014hirief,
  title={HiRIEF LC-MS enables deep proteome coverage and unbiased proteogenomics},
  author={Branca, Rui MM and Orre, Lukas M and Johansson, Henrik J and Granholm, Viktor and Huss, Mikael and P{\'e}rez-Bercoff, {\AA}sa and Forshed, Jenny and K{\"a}ll, Lukas and Lehti{\"o}, Janne},
  journal={Nature methods},
  volume={11},
  number={1},
  pages={59--62},
  year={2014},
  publisher={Nature Research}
}

@article{ning2010computational,
  title={Computational analysis of unassigned high-quality MS/MS spectra in proteomic data sets},
  author={Ning, Kang and Fermin, Damian and Nesvizhskii, Alexey I},
  journal={Proteomics},
  volume={10},
  number={14},
  pages={2712--2718},
  year={2010},
  publisher={Wiley Online Library}
}

@article{helmy2012mass,
  title={Mass spectrum sequential subtraction speeds up searching large peptide MS/MS spectra datasets against large nucleotide databases for proteogenomics},
  author={Helmy, Mohamed and Sugiyama, Naoyuki and Tomita, Masaru and Ishihama, Yasushi},
  journal={Genes to Cells},
  volume={17},
  number={8},
  pages={633--644},
  year={2012},
  publisher={Wiley Online Library}
}

@article{shteynberg2011iprophet,
  title={iProphet: multi-level integrative analysis of shotgun proteomic data improves peptide and protein identification rates and error estimates},
  author={Shteynberg, David and Deutsch, Eric W and Lam, Henry and Eng, Jimmy K and Sun, Zhi and Tasman, Natalie and Mendoza, Luis and Moritz, Robert L and Aebersold, Ruedi and Nesvizhskii, Alexey I},
  journal={Molecular \& Cellular Proteomics},
  volume={10},
  number={12},
  pages={M111--007690},
  year={2011},
  publisher={ASBMB}
}


@article{castellana2010proteogenomics,
  title={Proteogenomics to discover the full coding content of genomes: a computational perspective},
  author={Castellana, Natalie and Bafna, Vineet},
  journal={Journal of proteomics},
  volume={73},
  number={11},
  pages={2124--2135},
  year={2010},
  publisher={Elsevier}
}

@article{nesvizhskii2006dynamic,
  title={Dynamic spectrum quality assessment and iterative computational analysis of shotgun proteomic data toward more efficient identification of post-translational modifications, sequence polymorphisms, and novel peptides},
  author={Nesvizhskii, Alexey I and Roos, Franz F and Grossmann, Jonas and Vogelzang, Mathijs and Eddes, James S and Gruissem, Wilhelm and Baginsky, Sacha and Aebersold, Ruedi},
  journal={Molecular \& Cellular Proteomics},
  volume={5},
  number={4},
  pages={652--670},
  year={2006},
  publisher={ASBMB}
}

@article{abraham2013moving,
  title={Moving away from the reference genome: Evaluating a peptide sequencing tagging approach for single amino acid polymorphism identifications in the genus Populus},
  author={Abraham, Paul and Adams, Rachel M and Tuskan, Gerald A and Hettich, Robert L},
  journal={Journal of proteome research},
  volume={12},
  number={8},
  pages={3642--3651},
  year={2013},
  publisher={ACS Publications}
}

@inproceedings{tsur2005identification,
  title={Identification of post-translational modifications via blind search of mass-spectra},
  author={Tsur, Dekel and Tanner, Stephen and Zandi, Ebrahim and Bafna, Vineet and Pevzner, Pavel A},
  booktitle={Computational Systems Bioinformatics Conference, 2005. Proceedings. 2005 IEEE},
  pages={157--166},
  year={2005},
  organization={IEEE}
}

@article{choudhary2001interrogating,
  title={Interrogating the human genome using uninterpreted mass spectrometry data},
  author={Choudhary, Jyoti S and Blackstock, Walter P and Creasy, David M and Cottrell, John S},
  journal={Proteomics},
  volume={1},
  number={5},
  pages={651--667},
  year={2001},
  publisher={Wiley Online Library}
}

@article{andersen2001mass,
  title={Mass spectrometry allows direct identification of proteins in large genomes},
  author={Andersen, Jens S and Mann, Matthias},
  journal={Proteomics},
  volume={1},
  number={5},
  pages={641g650},
  year={2001}
}

@article{jungblut1999comparative,
  title={Comparative proteome analysis of Mycobacterium tuberculosis and Mycobacterium bovis BCG strains: towards functional genomics of microbial pathogens},
  author={Jungblut, PR and Schaible, UE and Mollenkopf, H-J and Zimny-Arndt, U and Raupach, B and Mattow, J and Halada, P and Lamer, S and Hagens, K and Kaufmann, SHE},
  journal={Molecular microbiology},
  volume={33},
  number={6},
  pages={1103--1117},
  year={1999},
  publisher={Wiley Online Library}
}

@article{mattow2006proteins,
  title={Proteins unique to intraphagosomally grown Mycobacterium tuberculosis},
  author={Mattow, Jens and Siejak, Frank and Hagens, Kristine and Becher, D{\"o}rte and Albrecht, Dirk and Krah, Alexander and Schmidt, Frank and Jungblut, Peter R and Kaufmann, Stefan HE and Schaible, Ulrich E},
  journal={Proteomics},
  volume={6},
  number={8},
  pages={2485--2494},
  year={2006},
  publisher={Wiley Online Library}
}

@article{cole1998erratum,
  title={Erratum: Deciphering the biology of Mycobacterium tuberculosis from the complete genome sequence},
  author={Cole, STea and Brosch, R and Parkhill, J and Garnier, T and Churcher, C and Harris, D and Gordon, SV and Eiglmeier, K and Gas, S and II III, CE Barry and others},
  journal={Nature},
  volume={396},
  number={6707},
  pages={190},
  year={1998},
  publisher={Nature Publishing Group}
}

@article{fleischmann2002whole,
  title={Whole-genome comparison of Mycobacterium tuberculosis clinical and laboratory strains},
  author={Fleischmann, RD and Alland, D and Eisen, Jonathan A and Carpenter, L and White, O and Peterson, J and DeBoy, R and Dodson, R and Gwinn, M and Haft, D and others},
  journal={Journal of bacteriology},
  volume={184},
  number={19},
  pages={5479--5490},
  year={2002},
  publisher={Am Soc Microbiol}
}

@article{camus2002re,
  title={Re-annotation of the genome sequence of Mycobacterium tuberculosis H37Rv},
  author={Camus, Jean-Christophe and Pryor, Melinda J and M{\'e}digue, Claudine and Cole, Stewart T},
  journal={Microbiology},
  volume={148},
  number={10},
  pages={2967--2973},
  year={2002},
  publisher={Microbiology Society}
}

@article{de2008high,
  title={High accuracy mass spectrometry analysis as a tool to verify and improve gene annotation using Mycobacterium tuberculosis as an example},
  author={De Souza, Gustavo A and M{\aa}len, Hiwa and S{\o}fteland, Tina and S{\ae}lensminde, Gisle and Prasad, Swati and Jonassen, Inge and Wiker, Harald G},
  journal={Bmc Genomics},
  volume={9},
  number={1},
  pages={316},
  year={2008},
  publisher={BioMed Central}
}

@article{lew2011tuberculist,
  title={TubercuList--10 years after},
  author={Lew, Jocelyne M and Kapopoulou, Adamandia and Jones, Louis M and Cole, Stewart T},
  journal={Tuberculosis},
  volume={91},
  number={1},
  pages={1--7},
  year={2011},
  publisher={Elsevier}
}

@article{kelkar2011proteogenomic,
  title={Proteogenomic analysis of Mycobacterium tuberculosis by high resolution mass spectrometry},
  author={Kelkar, Dhanashree S and Kumar, Dhirendra and Kumar, Praveen and Balakrishnan, Lavanya and Muthusamy, Babylakshmi and Yadav, Amit Kumar and Shrivastava, Priyanka and Marimuthu, Arivusudar and Anand, Sridhar and Sundaram, Hema and others},
  journal={Molecular \& Cellular Proteomics},
  volume={10},
  number={12},
  pages={M111--011627},
  year={2011},
  publisher={ASBMB}
}

@article{castellana2014automated,
  title={An automated proteogenomic method uses mass spectrometry to reveal novel genes in Zea mays},
  author={Castellana, Natalie E and Shen, Zhouxin and He, Yupeng and Walley, Justin W and Briggs, Steven P and Bafna, Vineet and others},
  journal={Molecular \& Cellular Proteomics},
  volume={13},
  number={1},
  pages={157--167},
  year={2014},
  publisher={ASBMB}
}

@article{castellana2008discovery,
  title={Discovery and revision of Arabidopsis genes by proteogenomics},
  author={Castellana, Natalie E and Payne, Samuel H and Shen, Zhouxin and Stanke, Mario and Bafna, Vineet and Briggs, Steven P},
  journal={Proceedings of the national academy of sciences},
  volume={105},
  number={52},
  pages={21034--21038},
  year={2008},
  publisher={National Acad Sciences}
}

@article{yang2011discovery,
  title={Discovery and annotation of small proteins using genomics, proteomics, and computational approaches},
  author={Yang, Xiaohan and Tschaplinski, Timothy J and Hurst, Gregory B and Jawdy, Sara and Abraham, Paul E and Lankford, Patricia K and Adams, Rachel M and Shah, Manesh B and Hettich, Robert L and Lindquist, Erika and others},
  journal={Genome research},
  volume={21},
  number={4},
  pages={634--641},
  year={2011},
  publisher={Cold Spring Harbor Lab}
}

@article{branca2014hirief,
  title={HiRIEF LC-MS enables deep proteome coverage and unbiased proteogenomics},
  author={Branca, Rui MM and Orre, Lukas M and Johansson, Henrik J and Granholm, Viktor and Huss, Mikael and P{\'e}rez-Bercoff, {\AA}sa and Forshed, Jenny and K{\"a}ll, Lukas and Lehti{\"o}, Janne},
  journal={Nature methods},
  volume={11},
  number={1},
  pages={59--62},
  year={2014},
  publisher={Nature Research}
}

@article{yang2011discovery,
  title={Discovery and annotation of small proteins using genomics, proteomics, and computational approaches},
  author={Yang, Xiaohan and Tschaplinski, Timothy J and Hurst, Gregory B and Jawdy, Sara and Abraham, Paul E and Lankford, Patricia K and Adams, Rachel M and Shah, Manesh B and Hettich, Robert L and Lindquist, Erika and others},
  journal={Genome research},
  volume={21},
  number={4},
  pages={634--641},
  year={2011},
  publisher={Cold Spring Harbor Lab}
}

@article{yang2011discovery,
  title={Discovery and annotation of small proteins using genomics, proteomics, and computational approaches},
  author={Yang, Xiaohan and Tschaplinski, Timothy J and Hurst, Gregory B and Jawdy, Sara and Abraham, Paul E and Lankford, Patricia K and Adams, Rachel M and Shah, Manesh B and Hettich, Robert L and Lindquist, Erika and others},
  journal={Genome research},
  volume={21},
  number={4},
  pages={634--641},
  year={2011},
  publisher={Cold Spring Harbor Lab}
}

@article{menschaert2013deep,
  title={Deep proteome coverage based on ribosome profiling aids mass spectrometry-based protein and peptide discovery and provides evidence of alternative translation products and near-cognate translation initiation events},
  author={Menschaert, Gerben and Van Criekinge, Wim and Notelaers, Tineke and Koch, Alexander and Crapp{\'e}, Jeroen and Gevaert, Kris and Van Damme, Petra},
  journal={Molecular \& cellular proteomics},
  volume={12},
  number={7},
  pages={1780--1790},
  year={2013},
  publisher={ASBMB}
}

@article{oyama2007diversity,
  title={Diversity of translation start sites may define increased complexity of the human short ORFeome},
  author={Oyama, Masaaki and Kozuka-Hata, Hiroko and Suzuki, Yutaka and Semba, Kentaro and Yamamoto, Tadashi and Sugano, Sumio},
  journal={Molecular \& Cellular Proteomics},
  volume={6},
  number={6},
  pages={1000--1006},
  year={2007},
  publisher={ASBMB}
}

@article{slavoff2013peptidomic,
  title={Peptidomic discovery of short open reading frame--encoded peptides in human cells},
  author={Slavoff, Sarah A and Mitchell, Andrew J and Schwaid, Adam G and Cabili, Moran N and Ma, Jiao and Levin, Joshua Z and Karger, Amir D and Budnik, Bogdan A and Rinn, John L and Saghatelian, Alan},
  journal={Nature chemical biology},
  volume={9},
  number={1},
  pages={59--64},
  year={2013},
  publisher={Nature Publishing Group}
}


@article{hartmann2014n,
  title={N-terminomics and proteogenomics, getting off to a good start},
  author={Hartmann, Erica M and Armengaud, Jean},
  journal={Proteomics},
  volume={14},
  number={23-24},
  pages={2637--2646},
  year={2014},
  publisher={Wiley Online Library}
}

@article{aebersold2003mass,
  title={Mass spectrometry-based proteomics},
  author={Aebersold, Ruedi and Mann, Matthias},
  journal={Nature},
  volume={422},
  number={6928},
  pages={198--207},
  year={2003},
  publisher={Nature Publishing Group}
}


@article{bespyatykh2016proteome,
  title={Proteome analysis of the Mycobacterium tuberculosis Beijing B0/W148 cluster},
  author={Bespyatykh, Julia and Shitikov, Egor and Butenko, Ivan and Altukhov, Ilya and Alexeev, Dmitry and Mokrousov, Igor and Dogonadze, Marine and Zhuravlev, Viacheslav and Yablonsky, Peter and Ilina, Elena and others},
  journal={Scientific Reports},
  volume={6},
  year={2016},
  publisher={Nature Publishing Group}
}

@article{vizcaino2014proteomexchange,
  title={ProteomeXchange provides globally coordinated proteomics data submission and dissemination},
  author={Vizca{\'\i}no, Juan A and Deutsch, Eric W and Wang, Rui and Csordas, Attila and Reisinger, Florian and Rios, Daniel and Dianes, Jose A and Sun, Zhi and Farrah, Terry and Bandeira, Nuno and others},
  journal={Nature biotechnology},
  volume={32},
  number={3},
  pages={223--226},
  year={2014},
  publisher={Nature Research}
}

@article{turner2014qqman,
  title={qqman: an R package for visualizing GWAS results using QQ and manhattan plots},
  author={Turner, Stephen D},
  journal={bioRxiv},
  pages={005165},
  year={2014},
  publisher={Cold Spring Harbor Labs Journals}
}

@article{van2001molecular,
  title={Molecular epidemiology of tuberculosis and other mycobacterial infections: main methodologies and achievements},
  author={Van Soolingen, D},
  journal={Journal of internal medicine},
  volume={249},
  number={1},
  pages={1--26},
  year={2001},
  publisher={Wiley Online Library}
}

@article{cole1998erratum,
  title={Erratum: Deciphering the biology of Mycobacterium tuberculosis from the complete genome sequence},
  author={Cole, STea and Brosch, R and Parkhill, J and Garnier, T and Churcher, C and Harris, D and Gordon, SV and Eiglmeier, K and Gas, S and II III, CE Barry and others},
  journal={Nature},
  volume={396},
  number={6707},
  pages={190},
  year={1998},
  publisher={Nature Publishing Group}
}

@article{fleischmann1995whole,
  title={Whole-genome random sequencing and assembly of Haemophilus influenzae Rd},
  author={Fleischmann, Robert D and Adams, Mark D and White, Owen and Clayton, Rebecca A and others},
  journal={Science},
  volume={269},
  number={5223},
  pages={496},
  year={1995},
  publisher={The American Association for the Advancement of Science}
}

@article{fraser1995minimal,
  title={The minimal gene complement of Mycoplasma genitalium},
  author={Fraser, Claire M and Gocayne, Jeannine D and White, Owen and Adams, Mark D and others},
  journal={Science},
  volume={270},
  number={5235},
  pages={197},
  year={1995},
  publisher={The American Association for the Advancement of Science}
}

@article{gagneux2007global,
  title={Global phylogeography of Mycobacterium tuberculosis and implications for tuberculosis product development},
  author={Gagneux, Sebastien and Small, Peter M},
  journal={The Lancet infectious diseases},
  volume={7},
  number={5},
  pages={328--337},
  year={2007},
  publisher={Elsevier}
}

@article{van1995predominance,
  title={Predominance of a single genotype of Mycobacterium tuberculosis in countries of east Asia.},
  author={Van Soolingen, Dick and Qian, Lishi and De Haas, PE and Douglas, James T and Traore, Hamadou and Portaels, Francoise and Qing, Huang Zi and Enkhsaikan, D and Nymadawa, P and Van Embden, JD},
  journal={Journal of clinical microbiology},
  volume={33},
  number={12},
  pages={3234--3238},
  year={1995},
  publisher={Am Soc Microbiol}
}

@article{bifani1996origin,
  title={Origin and interstate spread of a New York City multidrug-resistant Mycobacterium tuberculosis clone family},
  author={Bifani, Pablo J and Plikaytis, Bonnie B and Kapur, Vivek and Stockbauer, Kathryn and Pan, Xi and Lutfey, Michael L and Moghazeh, Soraya L and Eisner, William and Daniel, Thomas M and Kaplan, Mark H and others},
  journal={Jama},
  volume={275},
  number={6},
  pages={452--457},
  year={1996},
  publisher={American Medical Association}
}

@article{kurepina1998characterization,
  title={Characterization of the phylogenetic distribution and chromosomal insertion sites of five IS6110elements inMycobacterium tuberculosis: non-random integration in thednaA--dnaNregion},
  author={Kurepina, NE and Sreevatsan, S and Plikaytis, BB and Bifani, PJ and Connell, ND and Donnelly, RJ and Van Sooligen, D and Musser, James M and Kreiswirth, BN},
  journal={Tubercle and Lung Disease},
  volume={79},
  number={1},
  pages={31--42},
  year={1998},
  publisher={Elsevier}
}

@article{van2001molecular,
  title={Molecular epidemiology of tuberculosis and other mycobacterial infections: main methodologies and achievements},
  author={Van Soolingen, D},
  journal={Journal of internal medicine},
  volume={249},
  number={1},
  pages={1--26},
  year={2001},
  publisher={Wiley Online Library}
}

@article{mokrousov2008molecular,
  title={Molecular characterization of ofloxacin-resistant Mycobacterium tuberculosis strains from Russia},
  author={Mokrousov, Igor and Otten, Tatiana and Manicheva, Olga and Potapova, Yulia and Vishnevsky, Boris and Narvskaya, Olga and Rastogi, Nalin},
  journal={Antimicrobial agents and chemotherapy},
  volume={52},
  number={8},
  pages={2937--2939},
  year={2008},
  publisher={Am Soc Microbiol}
}

@article{merker2015evolutionary,
  title={Evolutionary history and global spread of the Mycobacterium tuberculosis Beijing lineage},
  author={Merker, Matthias and Blin, Camille and Mona, Stefano and Duforet-Frebourg, Nicolas and Lecher, Sophie and Willery, Eve and Blum, Michael GB and R{\"u}sch-Gerdes, Sabine and Mokrousov, Igor and Aleksic, Eman and others},
  journal={Nature genetics},
  volume={47},
  number={3},
  pages={242--249},
  year={2015},
  publisher={Nature Research}
}

@article{brudey2006mycobacterium,
  title={Mycobacterium tuberculosis complex genetic diversity: mining the fourth international spoligotyping database (SpolDB4) for classification, population genetics and epidemiology},
  author={Brudey, Karine and Driscoll, Jeffrey R and Rigouts, Leen and Prodinger, Wolfgang M and Gori, Andrea and Al-Hajoj, Sahal A and Allix, Caroline and Aristimu{\~n}o, Liselotte and Arora, Jyoti and Baumanis, Viesturs and others},
  journal={BMC microbiology},
  volume={6},
  number={1},
  pages={23},
  year={2006},
  publisher={BioMed Central}
}

@article{frieden1996multi,
  title={A multi-institutional outbreak of highly drug-resistant tuberculosis: epidemiology and clinical outcomes},
  author={Frieden, Thomas R and Sherman, Lisa Fine and Maw, Khin Lay and Fujiwara, Paula I and Crawford, Jack T and Nivin, Beth and Sharp, Victoria and Hewlett, Dial and Brudney, Karen and Alland, David and others},
  journal={Jama},
  volume={276},
  number={15},
  pages={1229--1235},
  year={1996},
  publisher={American Medical Association}
}

@article{agerton1999spread,
  title={Spread of strain W, a highly drug-resistant strain of Mycobacterium tuberculosis, across the United States},
  author={Agerton, Tracy B and Valway, Sarah E and Blinkhorn, Richard J and Shilkret, Kenneth L and Reves, Randall and Schluter, W William and Gore, Betty and Pozsik, Carol J and Plikaytis, Bonnie B and Woodley, Charles and others},
  journal={Clinical infectious diseases},
  volume={29},
  number={1},
  pages={85--92},
  year={1999},
  publisher={Oxford University Press}
}

@article{affolabi2009first,
  title={First molecular epidemiological study of tuberculosis in Benin},
  author={Affolabi, D and Anyo, G and Faihun, F and Sanoussi, N and Shamputa, IC and Rigouts, L and Kestens, L and Anagonou, S and Portaels, F},
  journal={The International Journal of Tuberculosis and Lung Disease},
  volume={13},
  number={3},
  pages={317--322},
  year={2009},
  publisher={International Union Against Tuberculosis and Lung Disease}
}

@article{casali2014evolution,
  title={Evolution and transmission of drug-resistant tuberculosis in a Russian population},
  author={Casali, Nicola and Nikolayevskyy, Vladyslav and Balabanova, Yanina and Harris, Simon R and Ignatyeva, Olga and Kontsevaya, Irina and Corander, Jukka and Bryant, Josephine and Parkhill, Julian and Nejentsev, Sergey and others},
  journal={Nature genetics},
  volume={46},
  number={3},
  pages={279--286},
  year={2014},
  publisher={Nature Research}
}

@article{casali2014evolution,
  title={Evolution and transmission of drug-resistant tuberculosis in a Russian population},
  author={Casali, Nicola and Nikolayevskyy, Vladyslav and Balabanova, Yanina and Harris, Simon R and Ignatyeva, Olga and Kontsevaya, Irina and Corander, Jukka and Bryant, Josephine and Parkhill, Julian and Nejentsev, Sergey and others},
  journal={Nature genetics},
  volume={46},
  number={3},
  pages={279--286},
  year={2014},
  publisher={Nature Research}
}

@article{cox2011andromeda,
  title={Andromeda: a peptide search engine integrated into the MaxQuant environment},
  author={Cox, Jurgen and Neuhauser, Nadin and Michalski, Annette and Scheltema, Richard A and Olsen, Jesper V and Mann, Matthias},
  journal={Journal of proteome research},
  volume={10},
  number={4},
  pages={1794--1805},
  year={2011},
  publisher={ACS Publications}
}

@article{godreuil2007first,
  title={First molecular epidemiology study of Mycobacterium tuberculosis in Burkina Faso},
  author={Godreuil, Sylvain and Torrea, G and Terru, D and Chevenet, Fran{\c{c}}ois and Diagbouga, S and Supply, P and Van de Perre, P and Carriere, C and Banuls, Anne-Laure},
  journal={Journal of clinical microbiology},
  volume={45},
  number={3},
  pages={921--927},
  year={2007},
  publisher={Am Soc Microbiol}
}

@article{packham1997mammalian,
  title={Mammalian cells express two differently localized Bag-1 isoforms generated by alternative translation initiation},
  author={PACKHAM, Graham and BRIMMELL, Matthew and CLEVELAND, L John},
  journal={Biochemical Journal},
  volume={328},
  number={3},
  pages={807--813},
  year={1997},
  publisher={Portland Press Limited}
}

@article{potgieter2016proteogenomic,
  title={Proteogenomic Analysis of Mycobacterium smegmatis Using High Resolution Mass Spectrometry},
  author={Potgieter, Matthys G and Nakedi, Kehilwe C and Ambler, Jon M and Nel, Andrew JM and Garnett, Shaun and Soares, Nelson C and Mulder, Nicola and Blackburn, Jonathan M},
  journal={Frontiers in microbiology},
  volume={7},
  year={2016},
  publisher={Frontiers Media SA}
}

@article{sreevatsan1997restricted,
  title={Restricted structural gene polymorphism in the Mycobacterium tuberculosis complex indicates evolutionarily recent global dissemination},
  author={Sreevatsan, Srinand and Pan, XI and Stockbauer, Kathryn E and Connell, Nancy D and Kreiswirth, Barry N and Whittam, Thomas S and Musser, James M},
  journal={Proceedings of the National Academy of Sciences},
  volume={94},
  number={18},
  pages={9869--9874},
  year={1997},
  publisher={National Acad Sciences}
}

@article{ramaswamy1998molecular,
  title={Molecular genetic basis of antimicrobial agent resistance inMycobacterium tuberculosis: 1998 update},
  author={Ramaswamy, Sunita and Musser, James M},
  journal={Tubercle and Lung disease},
  volume={79},
  number={1},
  pages={3--29},
  year={1998},
  publisher={Elsevier}
}

@article{hirsh2004stable,
  title={Stable association between strains of Mycobacterium tuberculosis and their human host populations},
  author={Hirsh, Aaron E and Tsolaki, Anthony G and DeRiemer, Kathryn and Feldman, Marcus W and Small, Peter M},
  journal={Proceedings of the National Academy of Sciences of the United States of America},
  volume={101},
  number={14},
  pages={4871--4876},
  year={2004},
  publisher={National Acad Sciences}
}

@article{caminero2001epidemiological,
  title={Epidemiological evidence of the spread of a Mycobacterium tuberculosis strain of the Beijing genotype on Gran Canaria Island},
  author={Caminero, Jos{\'E} A and Pena, Maria J and Campos-Herrero, Maria I and Rodriguez, Jose C and Garc{\'I}a, Isabel and Cabrera, Pedro and Lafoz, Carmen and Samper, Sofia and Takiff, Howard and Afonso, Octavio and others},
  journal={American journal of respiratory and critical care medicine},
  volume={164},
  number={7},
  pages={1165--1170},
  year={2001},
  publisher={Am Thoracic Soc}
}

@article{mokrousov2003pcr,
  title={PCR-based methodology for detecting multidrug-resistant strains of Mycobacterium tuberculosis Beijing family circulating in Russia},
  author={Mokrousov, I and Otten, T and Vyazovaya, A and Limeschenko, E and Filipenko, ML and Sola, C and Rastogi, N and Steklova, L and Vyshnevskiy, B and Narvskaya, O},
  journal={European Journal of Clinical Microbiology and Infectious Diseases},
  volume={22},
  number={6},
  pages={342--348},
  year={2003},
  publisher={Springer}
}

@article{marttila1998ser315thr,
  title={A Ser315Thr substitution in KatG is predominant in genetically heterogeneous multidrug-resistant Mycobacterium tuberculosis isolates originating from the St. Petersburg area in Russia},
  author={Marttila, Harri J and Soini, Hanna and Eerola, Erkki and Vyshnevskaya, Elena and Vyshnevskiy, Boris I and Otten, Tatjana F and Vasilyef, Alexandr V and Viljanen, Matti K},
  journal={Antimicrobial agents and chemotherapy},
  volume={42},
  number={9},
  pages={2443--2445},
  year={1998},
  publisher={Am Soc Microbiol}
}

@phdthesis{tratata123,
  title={Геномный полиморфизм Mycobacterium tuberculosis и его значение в эпидемическом процессе},
  author={Нарвская, ОВ},
  year={2003},
  school={автореф. дис.... д-ра мед. наук СПб.}
}

@article{dubiley2010molecular,
  title={Molecular epidemiology of tuberculosis in the Tula area, Central Russia, before the introduction of the directly observed therapy strategy},
  author={Dubiley, S and Ignatova, A and Mukhina, T and Nizova, A and Blagodatskikh, S and Stepanshina, V and Shemyakin, I},
  journal={Clinical Microbiology and Infection},
  volume={16},
  number={9},
  pages={1421--1426},
  year={2010},
  publisher={Wiley Online Library}
}

@article{pardini2009characteristics,
  title={Characteristics of drug-resistant tuberculosis in Abkhazia (Georgia), a high-prevalence area in Eastern Europe},
  author={Pardini, Manuela and Niemann, Stefan and Varaine, Francis and Iona, Elisabetta and Meacci, Francesca and Orru, Germano and Yesilkaya, Hasan and Jarosz, Thierry and Andrew, Peter and Barer, Mike and others},
  journal={Tuberculosis},
  volume={89},
  number={4},
  pages={317--324},
  year={2009},
  publisher={Elsevier}
}

@article{kruuner2001spread,
  title={Spread of drug-resistant pulmonary tuberculosis in Estonia},
  author={Kr{\"u}{\"u}ner, Annika and Hoffner, Sven E and Sillastu, Heinart and Danilovits, Manfred and Levina, Klavdia and Svenson, Stefan B and Ghebremichael, Solomon and Koivula, Tuija and K{\"a}llenius, Gunilla},
  journal={Journal of clinical microbiology},
  volume={39},
  number={9},
  pages={3339--3345},
  year={2001},
  publisher={Am Soc Microbiol}
}

@article{haekkinen2000cell,
  title={Cell biology of gingival wound healing},
  author={HAeKKINEN, LARI and UITTO, VELI-JUKKA and Larjava, Hannu},
  journal={Periodontology 2000},
  volume={24},
  number={1},
  pages={127--152},
  year={2000},
  publisher={Wiley Online Library}
}

@article{molloy2002proteomics,
  title={Proteomics: technologies and applications},
  author={Molloy, Mark P and Witzmann, Frank A},
  journal={Briefings in functional genomics \& proteomics},
  volume={1},
  number={1},
  pages={23--39},
  year={2002},
  publisher={Oxford University Press}
}

@article{monteoliva2004differential,
  title={Differential proteomics: an overview of gel and non-gel based approaches},
  author={Monteoliva, Lucia and Albar, Juan Pablo},
  journal={Briefings in functional genomics \& proteomics},
  volume={3},
  number={3},
  pages={220--239},
  year={2004},
  publisher={Oxford University Press}
}

@article{brosch2002new,
  title={A new evolutionary scenario for the Mycobacterium tuberculosis complex},
  author={Brosch, Roland and Gordon, Stephen V and Marmiesse, M and Brodin, P and Buchrieser, C and Eiglmeier, K and Garnier, T and Gutierrez, C and Hewinson, G and Kremer, K and others},
  journal={Proceedings of the national academy of Sciences},
  volume={99},
  number={6},
  pages={3684--3689},
  year={2002},
  publisher={National Acad Sciences}
}

@article{tsolaki2004functional,
  title={Functional and evolutionary genomics of Mycobacterium tuberculosis: insights from genomic deletions in 100 strains},
  author={Tsolaki, Anthony G and Hirsh, Aaron E and DeRiemer, Kathryn and Enciso, Jose Antonio and Wong, Melissa Z and Hannan, Margaret and Aman, Kumiko and Kato-Maeda, Midori and Small, Peter M and others},
  journal={Proceedings of the National Academy of Sciences of the United States of America},
  volume={101},
  number={14},
  pages={4865--4870},
  year={2004},
  publisher={National Acad Sciences}
}